<record><leader>00000cas a2200000 a 4500</leader><controlfield tag="001">9767143</controlfield><controlfield tag="008">830802d18651870txudr ne      0    0eng c</controlfield><datafield ind1=" " ind2=" " tag="010"><subfield code="a">sn 83025706 </subfield><subfield code="z">sn 86088543 </subfield></datafield><datafield ind1=" " ind2=" " tag="040"><subfield code="a">NPV</subfield><subfield code="b">eng</subfield><subfield code="c">NPV</subfield><subfield code="d">NPX</subfield><subfield code="d">NPV</subfield><subfield code="d">PPM</subfield><subfield code="d">OCL</subfield><subfield code="d">IXA</subfield><subfield code="d">OCLCQ</subfield><subfield code="d">OCLCF</subfield><subfield code="d">OCLCO</subfield></datafield><datafield ind1=" " ind2=" " tag="019"><subfield code="a">14108803</subfield></datafield><datafield ind1="1" ind2=" " tag="029"><subfield code="a">AU@</subfield><subfield code="b">000020406477</subfield></datafield><datafield ind1="0" ind2=" " tag="041"><subfield code="a">engspafre</subfield></datafield><datafield ind1=" " ind2=" " tag="042"><subfield code="a">pcc</subfield></datafield><datafield ind1=" " ind2=" " tag="043"><subfield code="a">n-us-tx</subfield><subfield code="a">n-mx---</subfield></datafield><datafield ind1=" " ind2=" " tag="045"><subfield code="a">w6w7</subfield></datafield><datafield ind1=" " ind2=" " tag="052"><subfield code="a">4033</subfield><subfield code="b">C25</subfield></datafield><datafield ind1="0" ind2="4" tag="245"><subfield code="a">The daily ranchero.</subfield></datafield><datafield ind1="1" ind2=" " tag="246"><subfield code="i">Spanish-language section, &lt;Sept. 13, 1865-June 16, 1866&gt;, has title:</subfield><subfield code="a">Ranchero diario</subfield></datafield><datafield ind1="1" ind2=" " tag="246"><subfield code="i">Sunday issues for Mar. 15 and 22, 1868 have title:</subfield><subfield code="a">Sunday ranchero</subfield></datafield><datafield ind1="1" ind2="3" tag="246"><subfield code="a">Brownsville ranchero</subfield><subfield code="f">Mar. 26, 1868-Jan. 3, 1869</subfield></datafield><datafield ind1="1" ind2="3" tag="246"><subfield code="a">Tri-weekly ranchero</subfield><subfield code="f">Mar. 18 and 20, 1868</subfield></datafield><datafield ind1=" " ind2=" " tag="260"><subfield code="a">Matamoros, Mexico :</subfield><subfield code="b">H.A. Maltby, W.H. Maltby [and] Somers Kinney,</subfield><subfield code="c">1865-</subfield></datafield><datafield ind1=" " ind2=" " tag="300"><subfield code="a">v. ;</subfield><subfield code="c">62 cm.</subfield></datafield><datafield ind1=" " ind2=" " tag="310"><subfield code="a">Daily (except Mon.)</subfield></datafield><datafield ind1="0" ind2=" " tag="362"><subfield code="a">Vol. 1, no. 1 (May 24, 1865)-</subfield></datafield><datafield ind1="1" ind2=" " tag="362"><subfield code="a">Ceased in 1870?</subfield></datafield><datafield ind1=" " ind2=" " tag="500"><subfield code="a">Published in Brownsville, Tex. &lt;Sept. 25, 1866-1870&gt;.</subfield></datafield><datafield ind1=" " ind2=" " tag="500"><subfield code="a">Includes French language pages with title: Le Ranchero de Brownsville, Aug. 21, 1868-Jan. 31, 1869, and Le Ranchero, Mar. 18-July 31, 1869.</subfield></datafield><datafield ind1=" " ind2=" " tag="515"><subfield code="a">Semiweekly and triweekly eds. numbered as issues of the daily ed.</subfield></datafield><datafield ind1=" " ind2=" " tag="546"><subfield code="a">English and Spanish.</subfield></datafield><datafield ind1=" " ind2=" " tag="580"><subfield code="a">Weekly, semiweekly, and triweekly eds. published.</subfield></datafield><datafield ind1=" " ind2="0" tag="651"><subfield code="a">Brownsville (Tex.)</subfield><subfield code="v">Newspapers.</subfield></datafield><datafield ind1=" " ind2="0" tag="651"><subfield code="a">Matamoros (Tamaulipas, Mexico)</subfield><subfield code="v">Newspapers.</subfield></datafield><datafield ind1=" " ind2="7" tag="655"><subfield code="a">Newspapers.</subfield><subfield code="2">fast</subfield><subfield code="0">(OCoLC)fst01423814</subfield></datafield><datafield ind1=" " ind2="7" tag="651"><subfield code="a">Mexico</subfield><subfield code="z">Matamoros (Tamaulipas)</subfield><subfield code="2">fast</subfield><subfield code="0">(OCoLC)fst01315330</subfield></datafield><datafield ind1=" " ind2="7" tag="651"><subfield code="a">Texas</subfield><subfield code="z">Brownsville.</subfield><subfield code="2">fast</subfield><subfield code="0">(OCoLC)fst01208100</subfield></datafield><datafield ind1=" " ind2=" " tag="752"><subfield code="a">Mexico</subfield><subfield code="d">Matamoros.</subfield></datafield><datafield ind1=" " ind2=" " tag="752"><subfield code="a">United States</subfield><subfield code="b">Texas</subfield><subfield code="c">Cameron</subfield><subfield code="d">Brownsville.</subfield></datafield><datafield ind1="1" ind2=" " tag="776"><subfield code="c">Microfilm</subfield><subfield code="d">Nettie Lee Benson Latin American Collection, General Libraries, University of Texas at Austin</subfield><subfield code="w">(DLC)  2003241172</subfield><subfield code="w">(OCoLC)52568717</subfield></datafield><datafield ind1="0" ind2="0" tag="785"><subfield code="t">Daily ranchero and Republican</subfield><subfield code="w">(DLC)sn 83021608</subfield><subfield code="w">(OCoLC)10255115</subfield></datafield></record>